@article{Shor_1997,   title={Polynomial-Time Algorithms for Prime Factorization and Discrete Logarithms on a Quantum Computer},  url={http://dx.doi.org/10.1137/s0097539795293172},  DOI={10.1137/s0097539795293172},  journal={SIAM Journal on Computing},  author={Shor, Peter W.},  year={1997},  month={Oct},  pages={1484–1509},  language={en-US}  }

@article{Singleton_Jr_2023,   title={Shor’s Factoring Algorithm and Modular Exponentiation Operators},  url={http://dx.doi.org/10.12743/quanta.v12i1.235},  DOI={10.12743/quanta.v12i1.235},  journal={Quanta},  author={Singleton Jr, Robert L.},  year={2023},  month={Sep},  pages={41–130},  language={en-US}  }

@article{Feynman_1982,   title={Simulating physics with computers},  url={http://dx.doi.org/10.1007/bf02650179},  DOI={10.1007/bf02650179},  journal={International Journal of Theoretical Physics},  author={Feynman, Richard P.},  year={1982},  month={Jun},  pages={467–488},  language={en-US}  }

@article{Lloyd_1996,   title={Universal Quantum Simulators},  volume={273},  url={http://dx.doi.org/10.1126/science.273.5278.1073},  DOI={10.1126/science.273.5278.1073},  number={5278},  journal={Science},  author={Lloyd, Seth},  year={1996},  month={Aug},  pages={1073–1078},  language={en-US}  }

@article{Grover_2002,   title={Quantum Mechanics Helps in Searching for a Needle in a Haystack},  url={http://dx.doi.org/10.1103/physrevlett.79.325},  DOI={10.1103/physrevlett.79.325},  journal={Physical Review Letters},  author={Grover, Lov K.},  year={2002},  month={Jul},  pages={325–328},  language={en-US}  }

@article{DiVincenzo_2000,   title={The Physical Implementation of Quantum Computation},  url={http://dx.doi.org/10.1002/1521-3978(200009)48:9/11<771::aid-prop771>3.0.co;2-e},  DOI={10.1002/1521-3978(200009)48:9/11<771::aid-prop771>3.0.co;2-e},  journal={Fortschritte der Physik},  author={DiVincenzo, David P.},  year={2000},  month={Sep},  pages={771–783},  language={en-US}  }

@article{Fedorov_Manko_2019,   title={Superposition principle for qubit states in spin-projection mean representation},  journal={arXiv: Quantum Physics,arXiv: Quantum Physics},  author={Fedorov, Andrey and Man’ko, VladimirI.},  year={2019},  month={Sep},  language={en-US}  }

@article{Langer_Ozeri_Jost_Chiaverini_DeMarco_Ben_Kish_Blakestad_Britton_Hume_Itano_et_al_2005,   title={Long-lived qubit memory using atomic ions},  volume={95},  url={http://dx.doi.org/10.1103/physrevlett.95.060502},  DOI={10.1103/physrevlett.95.060502},  number={6},  journal={Physical Review Letters},  author={Langer, C. and Ozeri, R. and Jost, J. and Chiaverini, J. and DeMarco, B. and Ben-Kish, A. and Blakestad, R. and Britton, J. and Hume, D. and Itano, W. and Leibfried, D. and Reichle, R. and Rosenband, T. and Schaetz, T. and Schmidt, P. and Wineland, D.},  year={2005},  month={Aug},  language={en-US}  }

@article{Wang_Um_Zhang_An_Lyu_Zhang_Duan_Yum_Kim_2017,   title={Single-qubit quantum memory exceeding ten-minute coherence time},  volume={11},  url={http://dx.doi.org/10.1038/s41566-017-0007-1},  DOI={10.1038/s41566-017-0007-1},  number={10},  journal={Nature Photonics},  author={Wang, Ye and Um, Mark and Zhang, Junhua and An, Shuoming and Lyu, Ming and Zhang, Jing-Ning and Duan, L.-M. and Yum, Dahyun and Kim, Kihwan},  year={2017},  month={Oct},  pages={646–650},  language={en-US}  }

@article{Monz_Schindler_Barreiro_Chwalla_Nigg_Coish_Harlander_Hänsel_Hennrich_Blatt_2011,   title={14-Qubit entanglement: creation and coherence.},  volume={106},  url={http://dx.doi.org/10.1103/physrevlett.106.130506},  DOI={10.1103/physrevlett.106.130506},  number={13},  journal={Physical Review Letters},  author={Monz, Thomas and Schindler, Philipp and Barreiro, Julio T. and Chwalla, Michael and Nigg, Daniel and Coish, William A. and Harlander, Maximilian and Hänsel, Wolfgang and Hennrich, Markus and Blatt, Rainer},  year={2011},  month={Apr},  language={en-US}  }

@article{Kaufmann_Ruster_Schmiegelow_Luda_Kaushal_Schulz_von_Lindenfels_Schmidt_Kaler_Poschinger_2017,   title={Scalable Creation of Long-Lived Multipartite Entanglement.},  volume={119},  url={http://dx.doi.org/10.1103/physrevlett.119.150503},  DOI={10.1103/physrevlett.119.150503},  number={15},  journal={Physical Review Letters},  author={Kaufmann, H. and Ruster, T. and Schmiegelow, C. T. and Luda, M. A. and Kaushal, V. and Schulz, J. and von Lindenfels, D. and Schmidt-Kaler, F. and Poschinger, U. G.},  year={2017},  month={Oct},  language={en-US}  }

@article{Fisk_Sellars_Lawn_Coles_1997,   title={Accurate measurement of the 12.6 GHz “clock” transition in trapped /sup 171/Yb/sup +/ ions},  volume={44},  url={http://dx.doi.org/10.1109/58.585119},  DOI={10.1109/58.585119},  number={2},  journal={IEEE Transactions on Ultrasonics, Ferroelectrics and Frequency Control},  author={Fisk, P.T.H. and Sellars, M.J. and Lawn, M.A. and Coles, G.},  year={1997},  month={Mar},  pages={344–354},  language={en-US}  }

@article{Blatt_Wineland_2008,   title={Entangled states of trapped atomic ions},  volume={453},  url={http://dx.doi.org/10.1038/nature07125},  DOI={10.1038/nature07125},  number={7198},  journal={Nature},  author={Blatt, Rainer and Wineland, David},  year={2008},  month={Jun},  pages={1008–1015},  language={en-US}  }

@article{Debnath_Linke_Figgatt_Landsman_Wright_Monroe_2016,   title={Demonstration of a small programmable quantum computer with atomic qubits},  url={http://dx.doi.org/10.1038/nature18648},  DOI={10.1038/nature18648},  journal={Nature},  author={Debnath, S. and Linke, N. M. and Figgatt, C. and Landsman, K. A. and Wright, K. and Monroe, C.},  year={2016},  month={Aug},  pages={63–66},  language={en-US}  }

@article{Myerson_Szwer_Webster_Allcock_Curtis_Imreh_Sherman_Stacey_Steane_Lucas_2008,   title={High-fidelity readout of trapped-ion qubits.},  volume={100},  url={http://dx.doi.org/10.1103/physrevlett.100.200502},  DOI={10.1103/physrevlett.100.200502},  number={20},  journal={Physical Review Letters},  author={Myerson, A. H. and Szwer, D. J. and Webster, S. C. and Allcock, D. T. C. and Curtis, M. J. and Imreh, G. and Sherman, J. A. and Stacey, D. N. and Steane, A. M. and Lucas, D. M.},  year={2008},  month={May},  language={en-US}  }

@article{Ballance_Harty_Linke_Sepiol_Lucas_2016,   title={High-Fidelity Quantum Logic Gates Using Trapped-Ion Hyperfine Qubits.},  volume={117},  url={http://dx.doi.org/10.1103/physrevlett.117.060504},  DOI={10.1103/physrevlett.117.060504},  number={6},  journal={Physical Review Letters},  author={Ballance, C. J. and Harty, T. P. and Linke, N. M. and Sepiol, M. A. and Lucas, D. M.},  year={2016},  month={Aug},  language={en-US}  }

@article{Mehta_Eltony_Bruzewicz_Chuang_Ram_Sage_Chiaverini_2014,   title={Ion traps fabricated in a CMOS foundry},  volume={105},  url={http://dx.doi.org/10.1063/1.4892061},  DOI={10.1063/1.4892061},  number={4},  journal={Applied Physics Letters},  author={Mehta, K. K. and Eltony, A. M. and Bruzewicz, C. D. and Chuang, I. L. and Ram, R. J. and Sage, J. M. and Chiaverini, J.},  year={2014},  month={Jul},  language={en-US}  }

@article{Monroe_Kim_2013,   title={Scaling the Ion Trap Quantum Processor},  volume={339},  url={http://dx.doi.org/10.1126/science.1231298},  DOI={10.1126/science.1231298},  number={6124},  journal={Science},  author={Monroe, C. and Kim, J.},  year={2013},  month={Mar},  pages={1164–1169},  language={en-US}  }

@article{Sterling_Rattanasonti_Weidt_Lake_Srinivasan_Webster_Kraft_Hensinger_2014,   title={Fabrication and operation of a two-dimensional ion-trap lattice on a high-voltage microchip.},  volume={5},  url={http://dx.doi.org/10.1038/ncomms4637},  DOI={10.1038/ncomms4637},  number={1},  journal={Nature Communications},  author={Sterling, R. C. and Rattanasonti, H. and Weidt, S. and Lake, K. and Srinivasan, P. and Webster, S. C. and Kraft, M. and Hensinger, W. K.},  year={2014},  month={Apr},  language={en-US}  }

@article{Lee_Jeong_Park_Jung_Kim_Cho_2021,   title={Ion shuttling method for long-range shuttling of trapped ions in MEMS-fabricated ion traps},  volume={60},  url={http://dx.doi.org/10.35848/1347-4065/abdabb},  DOI={10.35848/1347-4065/abdabb},  number={2},  journal={Japanese Journal of Applied Physics},  author={Lee, Minjae and Jeong, Junho and Park, Yunjae and Jung, Changhyun and Kim, Taehyun and Cho, Dong-il},  year={2021},  month={Feb},  pages={027004},  language={en-US}  }

@article{Niffenegger_Stuart_Sorace_Agaskar_Kharas_Bramhavar_Bruzewicz_Loh_Maxson_McConnell_Reens_et_al_2020,   title={Integrated multi-wavelength control of an ion qubit},  url={http://dx.doi.org/10.1038/s41586-020-2811-x},  DOI={10.1038/s41586-020-2811-x},  journal={Nature},  author={Niffenegger, R. J. and Stuart, J. and Sorace-Agaskar, C. and Kharas, D. and Bramhavar, S. and Bruzewicz, C. D. and Loh, W. and Maxson, R. T. and McConnell, R. and Reens, D. and West, G. N. and Sage, J. M. and Chiaverini, J.},  year={2020},  month={Oct},  pages={538–542},  language={en-US}  }

@article{Mehta_Zhang_Malinowski_Nguyen_Stadler_Home_2020,   title={Integrated optical multi-ion quantum logic},  url={http://dx.doi.org/10.1038/s41586-020-2823-6},  DOI={10.1038/s41586-020-2823-6},  journal={Nature},  author={Mehta, Karan K. and Zhang, Chi and Malinowski, Maciej and Nguyen, Thanh-Long and Stadler, Martin and Home, Jonathan P.},  year={2020},  month={Oct},  pages={533–537},  language={en-US}  }

@article{Ivory_Setzer_Karl_McGuinness_DeRose_Blain_Stick_Gehl_Parazzoli_2020,   title={Integrated optical addressing of a trapped ytterbium ion},  journal={arXiv: Quantum Physics,arXiv: Quantum Physics},  author={Ivory, Megan and Setzer, W.J. and Karl, N. and McGuinness, H.J. and DeRose, ChristopherT. and Blain, M. and Stick, DanielLynn and Gehl, Michael and Parazzoli, L.P.},  year={2020},  month={Nov},  language={en-US}  }

@article{Cramer_Kalb_Rol_Hensen_Blok_Markham_Twitchen_Hanson_Taminiau_2016,   title={Repeated quantum error correction on a continuously encoded qubit by real-time feedback.},  url={http://dx.doi.org/10.1038/ncomms11526},  DOI={10.1038/ncomms11526},  journal={Nature Communications},  author={Cramer, J. and Kalb, N. and Rol, M. A. and Hensen, B. and Blok, M. S. and Markham, M. and Twitchen, D. J. and Hanson, R. and Taminiau, T. H.},  year={2016},  month={May},  language={en-US}  }

@article{Reichardt_2021,   title={Fault-tolerant quantum error correction for Steane’s seven-qubit color code with few or no extra qubits.},  volume={6},  url={http://dx.doi.org/10.1088/2058-9565/abc6f4},  DOI={10.1088/2058-9565/abc6f4},  number={1},  journal={Quantum Science and Technology},  author={Reichardt, Ben W},  year={2021},  month={Jan},  pages={015007},  language={en-US}  }

@Inbook{Williams2011,
author="Williams, Colin P.",
title="Quantum Gates",
bookTitle="Explorations in Quantum Computing",
year="2011",
publisher="Springer London",
address="London",
pages="51--122",
abstract="In this chapter we introduced the idea of a quantum gate, and contrasted it with logically irreversible and logically reversible classical gates. Quantum gates are, like classical reversible gates, logically reversible, but they differ markedly on their universality properties. Whereas the smallest universal classical reversible gates have to use three bits, the smallest universal quantum gates need only use two bits. As the classical reversible gates are also unitary, it is conceivable that one of the first practical applications of quantum gates is in non-standard (e.g., ``spintronic'') implementations of classical reversible computers.",
isbn="978-1-84628-887-6",
doi="10.1007/978-1-84628-887-6_2",
url="https://doi.org/10.1007/978-1-84628-887-6_2"
}

@article{Bruzewicz_Chiaverini_McConnell_Sage_2019,   title={Trapped-Ion Quantum Computing: Progress and Challenges},  url={http://dx.doi.org/10.1063/1.5088164},  DOI={10.1063/1.5088164},  journal={Applied Physics Reviews},  author={Bruzewicz, Colin D. and Chiaverini, John and McConnell, Robert and Sage, Jeremy M.},  year={2019},  month={Jun},  language={en-US}  }

@article{Leibfried_Blatt_Monroe_Wineland_2003,   title={Quantum dynamics of single trapped ions},  url={http://dx.doi.org/10.1103/revmodphys.75.281},  DOI={10.1103/revmodphys.75.281},  journal={Reviews of Modern Physics},  author={Leibfried, D. and Blatt, R. and Monroe, C. and Wineland, D.},  year={2003},  month={Mar},  pages={281–324},  language={en-US}  }


@article{Islam_Campbell_Choi_Clark_Conover_Debnath_Edwards_Fields_Hayes_Hucul_et_al_2014,   title={Beat note stabilization of mode-locked lasers for quantum information processing.},  url={http://dx.doi.org/10.1364/ol.39.003238},  DOI={10.1364/ol.39.003238},  journal={Optics Letters},  author={Islam, R. and Campbell, W. C. and Choi, T. and Clark, S. M. and Conover, C. W. S. and Debnath, S. and Edwards, E. E. and Fields, B. and Hayes, D. and Hucul, D. and Inlek, I. V. and Johnson, K. G. and Korenblit, S. and Lee, A. and Lee, K. W. and Manning, T. A. and Matsukevich, D. N. and Mizrahi, J. and Quraishi, Q. and Senko, C. and Smith, J. and Monroe, C.},  year={2014},  month={Jun},  pages={3238},  language={en-US}  }

@article{Hayes_Matsukevich_Maunz_Hucul_Quraishi_Olmschenk_Campbell_Mizrahi_Senko_Monroe_2010,   title={Entanglement of Atomic Qubits Using an Optical Frequency Comb},  volume={104},  url={http://dx.doi.org/10.1103/physrevlett.104.140501},  DOI={10.1103/physrevlett.104.140501},  number={14},  journal={Physical Review Letters},  author={Hayes, D. and Matsukevich, D. N. and Maunz, P. and Hucul, D. and Quraishi, Q. and Olmschenk, S. and Campbell, W. and Mizrahi, J. and Senko, C. and Monroe, C.},  year={2010},  month={Apr},  language={en-US}  }

@article{Azuma_2023,   title={A simplified M{\o}lmer-S{\o}rensen gate for the trapped ion quantum computer},  DOI={10.48550/arXiv.2112.07855},  author={Azuma, Hiroo},  year={2023},  month={Aug},  language={en-US}  }

@article{Monroe_Raussendorf_Ruthven_Brown_Maunz_Duan_Kim_2014,   title={Large-scale modular quantum-computer architecture with atomic memory and photonic interconnects},  volume={89},  url={http://dx.doi.org/10.1103/physreva.89.022317},  DOI={10.1103/physreva.89.022317},  number={2},  journal={Physical Review A},  author={Monroe, C. and Raussendorf, R. and Ruthven, A. and Brown, K. R. and Maunz, P. and Duan, L.-M. and Kim, J.},  year={2014},  month={Feb},  language={en-US}  }

@article{Moehring_Blinov_Madsen_Duan_Monroe_2004,   title={Observation of entanglement between a single trapped atom and a single photon},  journal={InternationalQuantum Electronics Conference, 2004. (IQEC).,InternationalQuantum Electronics Conference, 2004. (IQEC).},  author={Moehring, Moehring and Blinov, Blinov and Madsen, Madsen and Duan, Duan and Monroe, Monroe},  year={2004},  month={Jan},  language={en-US}  }

@article{Friis_Marty_Maier_Hempel_Holzäpfel_Jurcevic_Plenio_Huber_Roos_Blatt_et_al_2018,   title={Observation of Entangled States of a Fully Controlled 20-Qubit System},  volume={8},  url={http://dx.doi.org/10.1103/physrevx.8.021012},  DOI={10.1103/physrevx.8.021012},  number={2},  journal={Physical Review X},  author={Friis, Nicolai and Marty, Oliver and Maier, Christine and Hempel, Cornelius and Holzäpfel, Milan and Jurcevic, Petar and Plenio, Martin B. and Huber, Marcus and Roos, Christian and Blatt, Rainer and Lanyon, Ben},  year={2018},  month={Apr},  language={en-US}  }

@article{Leibfried_DeMarco_Meyer_Lucas_Barrett_Britton_Itano_Jelenković_Langer_Rosenband_et_al_2003,   title={Experimental demonstration of a robust, high-fidelity geometric two ion-qubit phase gate},  volume={422},  url={http://dx.doi.org/10.1038/nature01492},  DOI={10.1038/nature01492},  number={6930},  journal={Nature},  author={Leibfried, D. and DeMarco, B. and Meyer, V. and Lucas, D. and Barrett, M. and Britton, J. and Itano, W. M. and Jelenković, B. and Langer, C. and Rosenband, T. and Wineland, D. J.},  year={2003},  month={Mar},  pages={412–415},  language={en-US}  }

@article{Burris_2023,   title={Boole’s Chapter XV: Syllogism Details},  author={Burris, Stanley},  year={2023},  month={May},  language={en-US}  }

@inproceedings{Mukherjee_Dhar_2014,   title={Double-fault tolerant architecture design for digital adder},  url={http://dx.doi.org/10.1109/techsym.2014.6807932},  DOI={10.1109/techsym.2014.6807932},  booktitle={Proceedings of the 2014 IEEE Students’ Technology Symposium},  author={Mukherjee, Atin and Dhar, Anindya Sundar},  year={2014},  month={Feb},  language={en-US}  }

@inbook{Kumar_Agarwal_2021,   title={Design and Implementation of Efficient FIR Low Pass Filters Based on Vedic and Traditional Digital Multiplier Algorithm},  url={http://dx.doi.org/10.1007/978-981-16-0942-8_25},  DOI={10.1007/978-981-16-0942-8_25},  booktitle={Advances in Mechanical Engineering,Lecture Notes in Mechanical Engineering},  author={Kumar, Aniket and Agarwal, R. P.},  year={2021},  month={Jan},  pages={271–279},  language={en-US}  }

@article{Shu_Haruo_2016,   title={Study of Digital Multiplier Algorithms Using a Square Law Its FPGA implementation},  journal={IEICE Technical Report; IEICE Tech. Rep.,IEICE Technical Report; IEICE Tech. Rep.},  author={Shu, Sasaki and Haruo, Kobayashi},  year={2016},  month={Aug},  language={en-US}  }

@article{Kastner_Schlatter_2023,   title={A Note on Landauer’s Principle},  author={Kastner, R.E. and Schlatter, Andreas},  year={2023},  month={Jul},  language={en-US}  }

@article{Maslov_Dueck_Miller_2005,   title={Toffoli network synthesis with templates},  volume={24},  url={http://dx.doi.org/10.1109/tcad.2005.847911},  DOI={10.1109/tcad.2005.847911},  number={6},  journal={IEEE Transactions on Computer-Aided Design of Integrated Circuits and Systems},  author={Maslov, D. and Dueck, G.W. and Miller, D.M.},  year={2005},  month={Jun},  pages={807–817},  language={en-US}  }

@article{Adamatzky_2017,   title={Fredkin and Toffoli gates implemented in Oregonator model of Belousov-Zhabotinsky medium},  volume={27},  url={http://dx.doi.org/10.1142/s0218127417500419},  DOI={10.1142/s0218127417500419},  number={03},  journal={International Journal of Bifurcation and Chaos},  author={Adamatzky, Andrew},  year={2017},  month={Mar},  pages={1750041},  language={en-US}  }

@article{PRUDÊNCIO_2013,   title={Quantum state transfer and Hadamard gate for coherent states},  volume={11},  url={http://dx.doi.org/10.1142/s021974991350024x},  DOI={10.1142/s021974991350024x},  number={02},  journal={International Journal of Quantum Information},  author={PRUDÊNCIO, THIAGO},  year={2013},  month={Mar},  pages={1350024},  language={en-US}  }

@article{Zajac_Sigillito_Russ_Borjans_Taylor_Burkard_Petta_2018,   title={Quantum CNOT Gate for Spins in Silicon},  url={http://dx.doi.org/10.1126/science.aao5965},  DOI={10.1126/science.aao5965},  journal={Science},  author={Zajac, D. M. and Sigillito, A. J. and Russ, M. and Borjans, F. and Taylor, J. M. and Burkard, G. and Petta, J. R.},  year={2018},  month={Jan},  pages={439–442},  language={en-US}  }

@article{Zhu_Cheng_Zhu_Chen_Guan_2022,   title={Physical constraint-aware CNOT quantum circuit synthesis and optimization},  volume={22},  url={http://dx.doi.org/10.1007/s11128-022-03716-1},  DOI={10.1007/s11128-022-03716-1},  number={1},  journal={Quantum Information Processing},  author={Zhu, Mingqiang and Cheng, Xueyun and Zhu, Pengcheng and Chen, Liang and Guan, Zhijin},  year={2022},  month={Dec},  language={en-US}  }


@article{Johnson_Wong_Campos_Restelli_Landsman_Neyenhuis_Mizrahi_Monroe_2016,   title={Active Stabilization of Ion Trap Radiofrequency Potentials},  volume={87},  url={http://dx.doi.org/10.1063/1.4948734},  DOI={10.1063/1.4948734},  number={5},  journal={Review of Scientific Instruments},  author={Johnson, K. G. and Wong-Campos, J. D. and Restelli, A. and Landsman, K. A. and Neyenhuis, B. and Mizrahi, J. and Monroe, C.},  year={2016},  month={May},  language={en-US}  }

@article{Paul_1990,   title={Electromagnetic Traps for Charged and Neutral Particles (Nobel Lecture)},  volume={29},  url={http://dx.doi.org/10.1002/anie.199007391},  DOI={10.1002/anie.199007391},  number={7},  journal={Angewandte Chemie International Edition in English},  author={Paul, Wolfgang},  year={1990},  month={Jul},  pages={739–748},  language={en-US}  }

@article{Arimondo_Phillips_Strumia_1992,   title={Laser Manipulation of Atoms and Ions},  author={Arimondo, E. and Phillips, WilliamD. and Strumia, F.},  year={1992},  month={Jan},  language={en-US}  }

@Inbook{Paul1958,
author="Paul, Wolfgang
and Osberghaus, Otto
and Fischer, Erhardt",
title="Theorie",
bookTitle="Ein Ionenk{\"a}fig",
year="1958",
publisher="VS Verlag f{\"u}r Sozialwissenschaften",
address="Wiesbaden",
pages="6--25",
abstract="Das Feld f{\"u}r die zweidimensionale (Strahl-)B{\"u}ndelung hat folgendes elektrisches Potential1{\$}{\$}{\backslash}varphi = (u + v{\backslash}cos {\{}{\backslash}kern 1pt{\}} {\{}w{\_}o{\}}t){\backslash}frac{\{}{\{}{\{}x^2{\}} - {\{}z^2{\}}{\}}{\}}{\{}{\{}2{\{}r{\_}o{\}}^2{\}}{\}}{\$}{\$}(u Gleichspannung; v, woAmplitude und Kreisfrequenz einer HF-Spannung; x,y,z kartesische Koordinaten; ro Konstante von der Dimension einer L{\"a}nge).",
isbn="978-3-663-04689-9",
doi="10.1007/978-3-663-04689-9_2",
url="https://doi.org/10.1007/978-3-663-04689-9_2"
}

@article{McLachlan,   title={Theory and Application of Mathieu Functions},  author={McLachlan, N.W.},  year={1964},  month={Jan}, language={en-US}  }

@article{McQuarrie,   title={Handbook of Mathematical Functions},  url={http://dx.doi.org/10.1119/1.1972842},  DOI={10.1119/1.1972842},  journal={American Journal of Physics},  author={McQuarrie, Donald A.},  pages={177–177}, year={1966},  month={Feb},  language={en-US}  }

@article{Solimeno_Di_Porto_Crosignani,   title={Quantum Harmonic Oscillator with Time‐Dependent Frequency},  volume={10},  url={http://dx.doi.org/10.1063/1.1664783},  DOI={10.1063/1.1664783},  number={10},  journal={Journal of Mathematical Physics},  author={Solimeno, S. and Di Porto, P. and Crosignani, B.},  pages={1922–1928}, year={1969},  month={Oct},  language={en-US}  }


@article{Schrödinger1926,   title={Der stetige Übergang von der Mikro- zur Makromechanik},  volume={14},  url={https://doi.org/10.1007/BF01507634},  DOI={10.1007/BF01507634}, journal={Naturwissenschaften},  author={Schrödinger, E.},  pages={664-666}, year={1926},  month={Jul},  language={en-US}  }

@article{Dewitt_Blandin_Cohen_Tannoudji,   title={Quantum Optics and Electronics},  journal={Nuclear physics,Nuclear physics},  author={Dewitt, C. and Blandin, A. and Cohen-Tannoudji, Claude}, year={1965},  month={Jan}, language={en-US}  }

@article{Glauber1963Photon,
  title={Photon Correlations},
  author={Glauber and  Roy, J. },
  journal={Physical Review Letters},
  volume={10},
  number={3},
  pages={84-86},
  year={1963},
  language={en-US}
}

@inbook{Klauder_Skagerstam_1985,   title={Coherent States and Quantum Mechanics},  url={http://dx.doi.org/10.1142/9789814415118_0003},  DOI={10.1142/9789814415118_0003},  booktitle={Coherent States},  author={Klauder, JohnR. and Skagerstam, B},  year={1985},  month={Apr},  pages={333–446},  language={en-US}  }

@article{Wallentowitz_Vogel_2002,   title={Reconstruction of the quantum mechanical state of a trapped ion.},  volume={75},  url={http://dx.doi.org/10.1103/physrevlett.75.2932},  DOI={10.1103/physrevlett.75.2932},  number={16},  journal={Physical Review Letters},  author={Wallentowitz, S. and Vogel, W.},  year={2002},  month={Jul},  pages={2932–2935},  language={en-US}  }

@article{Wallentowitz_Vogel_U_2002,   title={Unbalanced homodyning for quantum state measurements.},  url={http://dx.doi.org/10.1103/physreva.53.4528},  DOI={10.1103/physreva.53.4528},  journal={Physical Review A},  author={Wallentowitz, S. and Vogel, W.},  year={2002},  month={Jul},  pages={4528–4533},  language={en-US}  }

@article{Caldeira_Leggett_2002,   title={Influence of damping on quantum interference: An exactly soluble model},  volume={31},  url={http://dx.doi.org/10.1103/physreva.31.1059},  DOI={10.1103/physreva.31.1059},  number={2},  journal={Physical Review A},  author={Caldeira, A. O. and Leggett, A. J.},  year={2002},  month={Jul},  pages={1059–1066},  language={en-US}  }

@article{Janszky_Yushin_1986,   title={Squeezing via frequency jump},  url={http://dx.doi.org/10.1016/0030-4018(86)90468-2},  DOI={10.1016/0030-4018(86)90468-2},  journal={Optics Communications},  author={Janszky, J. and Yushin, Y.Y.},  year={1986},  month={Jul},  pages={151–154},  language={en-US}  }

@article{Beige_Bose_Braun_Huelga_Knight_Plenio_Vedral_2000,   title={Entangling Atoms and Ions in Dissipative Environments},  volume={47},  url={http://dx.doi.org/10.1080/09500340008232183},  DOI={10.1080/09500340008232183},  number={14–15},  journal={Journal of Modern Optics},  author={Beige, A. and Bose, S. and Braun, D. and Huelga, S. F. and Knight, P. L. and Plenio, M. B. and Vedral, V.},  year={2000},  month={Nov},  pages={2583–2598},  language={en-US}  }

@article{Leibfried_Meekhof_King_Monroe_Itano_Wineland_2002,   title={Experimental Determination of the Motional Quantum State of a Trapped Atom},  volume={77},  url={http://dx.doi.org/10.1103/physrevlett.77.4281},  DOI={10.1103/physrevlett.77.4281},  number={21},  journal={Physical Review Letters},  author={Leibfried, D. and Meekhof, D. M. and King, B. E. and Monroe, C. and Itano, W. M. and Wineland, D. J.},  year={2002},  month={Jul},  pages={4281–4285},  language={en-US}  }

@article{Cirac_Garay_Blatt_Parkins_Zoller_2002,   title={Laser cooling of trapped ions: The influence of micromotion.},  volume={49},  url={http://dx.doi.org/10.1103/physreva.49.421},  DOI={10.1103/physreva.49.421},  number={1},  journal={Physical Review A},  author={Cirac, J. I. and Garay, L. J. and Blatt, R. and Parkins, A. S. and Zoller, P.},  year={2002},  month={Jul},  pages={421–432},  language={en-US}  }

@article{1996Paul,
  title={Paul trap multi-quantum interactions},
  author={ Bardroff, P. J.  and  Leichtle, C.  and  Schrade, G.  and  Schleich, W. P. },
  year={1996},
}



